<?xml version="1.0" encoding="UTF-8"?><record xmlns="http://www.loc.gov/MARC21/slim" xmlns:cinclude="http://apache.org/cocoon/include/1.0" xmlns:zs="http://www.loc.gov/zing/srw/">
  <leader>00565nz  a2200145n  4500</leader>
  <controlfield tag="001">no2005092705</controlfield>
  <controlfield tag="003">DLC</controlfield>
  <controlfield tag="005">20051005052220.0</controlfield>
  <controlfield tag="008">051004n| acannaabn          |n aaa     c</controlfield>
  <datafield tag="010" ind1=" " ind2=" ">
    <subfield code="a">no2005092705</subfield>
  </datafield>
  <datafield tag="035" ind1=" " ind2=" ">
    <subfield code="a">(OCoLC)oca06750035</subfield>
  </datafield>
  <datafield tag="040" ind1=" " ind2=" ">
    <subfield code="a">ArLUA-L</subfield>
    <subfield code="b">eng</subfield>
    <subfield code="c">ArLUA-L</subfield>
  </datafield>
  <datafield tag="100" ind1="1" ind2=" ">
    <subfield code="a">Thompson, Robert F. ,</subfield>
    <subfield code="d">1971-</subfield>
  </datafield>
  <datafield tag="670" ind1=" " ind2=" ">
    <subfield code="a">ADA, FMLA and workers' compensation in Arkansas, c2004:</subfield>
    <subfield code="b">t.p. (Robert F. Thompson III; Branch, Thompson, Philhours, Warmath &amp; Hitt)</subfield>
  </datafield>
  <datafield tag="670" ind1=" " ind2=" ">
    <subfield code="a">Martindale.com lawyer locator, viewed Sept. 28, 2005</subfield>
    <subfield code="b">(Robert F. Thompson III; b. Paragould, Ark., 1971)</subfield>
  </datafield>
</record>